@article{Hron2010Dec,
	author = {Hron, K. and Templ, M. and Filzmoser, P.},
	title = {{Imputation of missing values for compositional data using classical and robust methods}},
	journal = {Computational Statistics {\&} Data Analysis},
	volume = {54},
	number = {12},
	pages = {3095--3107},
	year = {2010},
	month = {Dec},
	issn = {0167-9473},
	publisher = {North-Holland},
	doi = {10.1016/j.csda.2009.11.023}
}